<?xml version="1.0" encoding="UTF-8"?>
<collection xmlns:xsi="http://www.w3.org/2001/XMLSchema-instance" xsi:schemaLocation="http://www.loc.gov/MARC21/slim http://www.loc.gov/standards/marcxml/schema/MARC21slim.xsd" xmlns="http://www.loc.gov/MARC21/slim">
<record>
  <leader>01050cam a2200277 a 4500</leader>
  <controlfield tag="001">3170333</controlfield>
  <controlfield tag="003">NNC</controlfield>
  <controlfield tag="005">20130426144621.0</controlfield>
  <controlfield tag="008">990303s1953    ua       b    000 0bara d</controlfield>
  <datafield tag="035" ind1=" " ind2=" ">
    <subfield code="a">(OCoLC)ocm40892598</subfield>
  </datafield>
  <datafield tag="035" ind1=" " ind2=" ">
    <subfield code="9">AUB1610CU</subfield>
  </datafield>
  <datafield tag="035" ind1=" " ind2=" ">
    <subfield code="a">(NNC)3170333</subfield>
  </datafield>
  <datafield tag="040" ind1=" " ind2=" ">
    <subfield code="a">TKN</subfield>
    <subfield code="c">TKN</subfield>
    <subfield code="d">OCL</subfield>
    <subfield code="d">ZCU</subfield>
  </datafield>
  <datafield tag="043" ind1=" " ind2=" ">
    <subfield code="a">a-iq---</subfield>
  </datafield>
  <datafield tag="099" ind1=" " ind2=" ">
    <subfield code="a">893.7Ab91</subfield>
    <subfield code="a">DA</subfield>
  </datafield>
  <datafield tag="100" ind1="1" ind2=" ">
    <subfield code="a">Abū Hiffān al-Mihzamī, ʻAbd Allāh ibn Aḥmad,</subfield>
    <subfield code="d">active 9th century.</subfield>
  </datafield>
  <datafield tag="245" ind1="1" ind2="0">
    <subfield code="a">Akhbār Abī Nuwās /</subfield>
    <subfield code="c">li-Abī Hiffān ʻAbd Allāh ibn Aḥmad ibn Ḥarb al-Mihzamī ; taḥqīq ʻAbd al-Sattār Aḥmad Farrāj.</subfield>
  </datafield>
  <datafield tag="260" ind1=" " ind2=" ">
    <subfield code="a">al-Qāhirah :</subfield>
    <subfield code="b">Dār Miṣr lil-Ṭibāʻah,</subfield>
    <subfield code="c">[1953?]</subfield>
  </datafield>
  <datafield tag="300" ind1=" " ind2=" ">
    <subfield code="a">158, [2] p. ; 24 cm.</subfield>
  </datafield>
  <datafield tag="490" ind1="1" ind2=" ">
    <subfield code="a">ʻUyūn al-adab al-ʻArabī</subfield>
  </datafield>
  <datafield tag="504" ind1=" " ind2=" ">
    <subfield code="a">Includes bibliographical references (p. [2], second group).</subfield>
  </datafield>
  <datafield tag="600" ind1="0" ind2="0">
    <subfield code="a">Abū Nuwās,</subfield>
    <subfield code="d">approximately 756-approximately 810.</subfield>
  </datafield>
  <datafield tag="650" ind1=" " ind2="0">
    <subfield code="a">Poets, Arab</subfield>
    <subfield code="z">Iraq</subfield>
    <subfield code="v">Biography.</subfield>
  </datafield>
  <datafield tag="700" ind1="1" ind2=" ">
    <subfield code="a">Farrāj, ʻAbd al-Sattār Aḥmad.</subfield>
  </datafield>
  <datafield tag="830" ind1=" " ind2="0">
    <subfield code="a">ʻUyūn al-adab al-ʻArabī.</subfield>
  </datafield>
  <datafield tag="955" ind1=" " ind2=" ">
    <subfield code="b">0042831032</subfield>
    <subfield code="d">glx</subfield>
    <subfield code="e">893.7Ab91 DA</subfield>
  </datafield>
</record>
</collection>